@book{frodesen,
author={Frodesen},
title="Probability and statistics in particle
physics",
booktitle="Probability and statistics in particle
physics",
publisher="UNIVERSITETSFORLAGET"
}
